<?xml version="1.0" encoding="UTF-8" ?>
<record Numero="13915077" format="InterXMarc_Complet" type="Authority">
<leader>01028c1 au22000272  45  <Pos Code="0004">01028</Pos>
<Pos Code="05" Sens="notice modifiée">c</Pos>
<Pos Code="06" Sens="notice validée en catalogage courant">1</Pos>
<Pos Code="08" Sens="notice d&apos;autorité">a</Pos>
<Pos Code="09" Sens="titre uniforme musical (TUM)">u</Pos>
<Pos Code="10">2</Pos>
<Pos Code="11">2</Pos>
<Pos Code="1216">00027</Pos>
<Pos Code="17" Sens="autres cas">2</Pos>
<Pos Code="20">4</Pos>
<Pos Code="21">5</Pos>
</leader>
<controlfield tag="001">FRBNF139150773<Pos Code="0001">FR</Pos>
<Pos Code="0204">BNF</Pos>
<Pos Code="0512">13915077</Pos>
<Pos Code="13">3</Pos>
</controlfield>
<controlfield tag="008">890821080312yy    sn        1779    ?                        1   <Pos Code="0001">89</Pos>
<Pos Code="0203">08</Pos>
<Pos Code="0405">21</Pos>
<Pos Code="0607">08</Pos>
<Pos Code="0809">03</Pos>
<Pos Code="1011">12</Pos>
<Pos Code="1213" Sens="ne s&apos;applique pas">yy</Pos>
<Pos Code="1820">sn </Pos>
<Pos Code="2831">1779</Pos>
<Pos Code="36" Sens="Date incertaine">?</Pos>
<Pos Code="61" Sens="La vedette peut être liée à une notice bibliographique sauf pour l&apos;accès matière RAMEAU">1</Pos>
</controlfield>
<datafield tag="048" ind1=" " ind2=" ">
	<subfield code="a">sa01<Pos Code="0001" Sens="cordes frottées - violon">sa</Pos>
<Pos Code="02">0</Pos>
<Pos Code="03">1</Pos>
</subfield>
	<subfield code="a">ka01<Pos Code="0001" Sens="clavier - piano">ka</Pos>
<Pos Code="02">0</Pos>
<Pos Code="03">1</Pos>
</subfield>
</datafield>
<datafield tag="100" ind1=" " ind2=" ">
	<subfield code="3">14027233</subfield>
	<subfield code="w">.0..b.....</subfield>
	<subfield code="a">Mozart</subfield>
	<subfield code="m">Wolfgang Amadeus</subfield>
	<subfield code="d">1756-1791</subfield>
</datafield>
<datafield tag="144" ind1="1" ind2=" ">
	<subfield code="w">....b.fre.</subfield>
	<subfield code="a">Sonates</subfield>
	<subfield code="b">Violon, piano</subfield>
	<subfield code="k">KV 317d</subfield>
	<subfield code="t">Si bémol majeur</subfield>
</datafield>
<datafield tag="301" ind1=" " ind2=" ">
	<subfield code="3">15715800</subfield>
	<subfield code="a">Mozart</subfield>
	<subfield code="m">Wolfgang Amadeus</subfield>
	<subfield code="d">1756-1791</subfield>
	<subfield code="t">[Quatuors. Clarinette, violon, alto, violoncelle. No 2. KV 317d. Si bémol majeurr]</subfield>
</datafield>
<datafield tag="301" ind1="2" ind2=" ">
	<subfield code="3">13914901</subfield>
	<subfield code="a">Mozart</subfield>
	<subfield code="m">Wolfgang Amadeus</subfield>
	<subfield code="d">1756-1791</subfield>
	<subfield code="t" Barre="3">[3 quatuors. Op. 79]</subfield>
</datafield>
<datafield tag="444" ind1="1" ind2=" ">
	<subfield code="w">....b.fre.</subfield>
	<subfield code="a">Sonates</subfield>
	<subfield code="b">Violon, piano</subfield>
	<subfield code="k">KV 378</subfield>
	<subfield code="t">Si bémol majeur</subfield>
</datafield>
<datafield tag="444" ind1="1" ind2=" ">
	<subfield code="w">....b.fre.</subfield>
	<subfield code="a">Sonates</subfield>
	<subfield code="b">Violon, piano</subfield>
	<subfield code="p">Op. 2, no 4</subfield>
	<subfield code="t">Si bémol majeur</subfield>
</datafield>
<datafield tag="502" ind1=" " ind2=" ">
	<subfield code="3">14041822</subfield>
	<subfield code="a">Mozart</subfield>
	<subfield code="m">Wolfgang Amadeus</subfield>
	<subfield code="d">1756-1791</subfield>
	<subfield code="t">[Sonates. Violon, piano]</subfield>
</datafield>
<datafield tag="502" ind1=" " ind2=" ">
	<subfield code="3">13996957</subfield>
	<subfield code="a">Mozart</subfield>
	<subfield code="m">Wolfgang Amadeus</subfield>
	<subfield code="d">1756-1791</subfield>
	<subfield code="t" Barre="3">[6 sonates. Violon, piano. Op. 2 (1781)]</subfield>
</datafield>
<datafield tag="600" ind1=" " ind2=" ">
	<subfield code="a">Date de composition : Salzbourg, début 1779 ?</subfield>
	<subfield code="a">1re éd. : Vienne : Artaria, 1781 (comme op. 2, no 4)</subfield>
</datafield>
<datafield tag="610" ind1=" " ind2=" ">
	<subfield code="a">Köchel 6</subfield>
</datafield>
<datafield tag="917" ind1=" " ind2=" ">
	<subfield code="o">OPC</subfield>
	<subfield code="a">100443680</subfield>
</datafield>
<datafield tag="917" ind1=" " ind2=" ">
	<subfield code="o">OPD</subfield>
	<subfield code="a">100510230</subfield>
	<subfield code="b">ATUM</subfield>
</datafield>
<datafield tag="996" ind1=" " ind2=" ">
	<subfield code="o">OPP</subfield>
	<subfield code="a">14824124</subfield>
	<subfield code="d">20060522</subfield>
</datafield>
<datafield tag="996" ind1=" " ind2=" ">
	<subfield code="o">OPP</subfield>
	<subfield code="a">13867170</subfield>
	<subfield code="d">20060522</subfield>
</datafield>
<Alter Ori="14027233">
<datafield tag="400" ind1=" " ind2=" ">
	<subfield code="w">....b.....</subfield>
	<subfield code="a">Mozart</subfield>
	<subfield code="m">Wolfgang Gottlieb</subfield>
	<subfield code="d">1756-1791</subfield>
</datafield>
</Alter>
<Attr Nom="IDPerenne">ark:/12148/cb139150774</Attr>
<Attr Nom="NumSource">OPC 100443680</Attr>
<Attr Nom="Source" Sens="BnF catalogue général (depuis 1999)">A</Attr>
<Attr Nom="NumAutoriteLiee">14027233139149011404182213996957</Attr>
<Attr Nom="DateCreation">21/08/ 1989</Attr>
<Attr Nom="ResponsableCreation">MIGV2</Attr>
<Attr Nom="StructCreation">1</Attr>
<Attr Nom="DateDerniereValidation">08/11/ 2010</Attr>
<Attr Nom="ResponsableDerniereValidation">MIGV4</Attr>
<Attr Nom="StructPremiereValidation">1</Attr>
<Attr Nom="DatePremiereValidation">21/08/ 1989</Attr>
<Attr Nom="ResponsablePremiereValidation">MIGV2</Attr>
<Attr Nom="StructDerniereValidation">1</Attr>
<Attr Nom="NumSource" Rep="1">OPD 100510230</Attr>
<Attr Nom="NumSource" Rep="2">OPP 14824124</Attr>
<Attr Nom="NumSource" Rep="3">OPP 13867170</Attr>
</record>
